
@book{10.1002/3527602836,
 author = {Richard Ghez},
 doi = {10.1002/3527602836},
 month = {July},
 publisher = {Wiley},
 title = {A Primer of Diffusion Problems},
 url = {https://doi.org/10.1002/3527602836},
 year = {1988}
}

@article{10.1002/bbpc.19900940313,
 author = {U. Balucani and R. Vallauri and T. Gaskell},
 doi = {10.1002/bbpc.19900940313},
 journal = {Berichte der Bunsengesellschaft f\"{u}r physikalische Chemie},
 month = {March},
 number = {3},
 pages = {261--264},
 publisher = {Wiley},
 title = {Generalized Stokes-Einstein Relation},
 url = {https://doi.org/10.1002/bbpc.19900940313},
 volume = {94},
 year = {1990}
}

@article{10.1006/jcph.1995.1039,
 author = {Steve Plimpton},
 doi = {10.1006/jcph.1995.1039},
 issn = {0021-9991},
 journal = {Journal of Computational Physics},
 number = {1},
 pages = {1--19},
 title = {Fast Parallel Algorithms for Short-Range Molecular Dynamics},
 url = {http://www.sciencedirect.com/science/article/pii/S002199918571039X},
 volume = {117},
 year = {1995}
}

@article{10.1007/bf01293604,
 author = {K. Binder},
 doi = {10.1007/bf01293604},
 journal = {Zeitschrift fur Physik B Condensed Matter},
 month = {June},
 number = {2},
 pages = {119--140},
 publisher = {Springer Science and Business Media {LLC}},
 title = {Finite size scaling analysis of ising model block distribution functions},
 url = {https://doi.org/10.1007/bf01293604},
 volume = {43},
 year = {1981}
}

@article{10.1007/bf01654281,
 author = {D. Ruelle},
 doi = {10.1007/bf01654281},
 journal = {Communications in Mathematical Physics},
 month = {December},
 number = {4},
 pages = {267--278},
 publisher = {Springer Science and Business Media {LLC}},
 title = {Statistical mechanics of a one-dimensional lattice gas},
 url = {https://doi.org/10.1007/bf01654281},
 volume = {9},
 year = {1968}
}

@article{10.1016/0079-6816(95)00039-2,
 author = {E Seebauer},
 doi = {10.1016/0079-6816(95)00039-2},
 journal = {Progress in Surface Science},
 month = {July},
 number = {3},
 pages = {265--330},
 publisher = {Elsevier {BV}},
 title = {Estimating surface diffusion coefficients},
 url = {https://doi.org/10.1016/0079-6816(95)00039-2},
 volume = {49},
 year = {1995}
}

@article{10.1016/0370-1573(94)90017-5,
 author = {Hartmut L{\"o}wen},
 doi = {10.1016/0370-1573(94)90017-5},
 issn = {0370-1573},
 journal = {Phys. Rep.},
 number = {5},
 pages = {249--324},
 title = {Melting, freezing and colloidal suspensions},
 url = {http://www.sciencedirect.com/science/article/pii/0370157394900175},
 volume = {237},
 year = {1994}
}

@article{10.1016/0375-9601(85)90617-6,
 author = {V.M. Bedanov and G.V. Gadiyak and Yu.E. Lozovik},
 doi = {10.1016/0375-9601(85)90617-6},
 journal = {Physics Letters A},
 month = {June},
 number = {6},
 pages = {289--291},
 publisher = {Elsevier {BV}},
 title = {On a modified Lindemann-like criterion for 2D melting},
 url = {https://doi.org/10.1016/0375-9601(85)90617-6},
 volume = {109},
 year = {1985}
}

@article{10.1016/j.actamat.2015.10.010,
 author = {Bi-Cheng Zhou and Shun-Li Shang and Yi Wang and Zi-Kui Liu},
 doi = {10.1016/j.actamat.2015.10.010},
 journal = {Acta Materialia},
 month = {January},
 pages = {573--586},
 publisher = {Elsevier {BV}},
 title = {Diffusion coefficients of alloying elements in dilute Mg alloys: A comprehensive first-principles study},
 url = {https://doi.org/10.1016/j.actamat.2015.10.010},
 volume = {103},
 year = {2016}
}

@article{10.1016/j.bbagen.2013.09.037,
 author = {Ralf Kaldenhoff and Lei Kai and Norbert Uehlein},
 doi = {10.1016/j.bbagen.2013.09.037},
 journal = {Biochimica et Biophysica Acta ({BBA}) - General Subjects},
 month = {May},
 number = {5},
 pages = {1592--1595},
 publisher = {Elsevier {BV}},
 title = {Aquaporins and membrane diffusion of {CO}2 in living organisms},
 url = {https://doi.org/10.1016/j.bbagen.2013.09.037},
 volume = {1840},
 year = {2014}
}

@article{10.1016/j.camwa.2019.11.012,
 author = {Xiao Zhao and Hui Jin and Yunan Chen and Zhiwei Ge},
 doi = {10.1016/j.camwa.2019.11.012},
 journal = {Computers {\&} Mathematics with Applications},
 month = {January},
 pages = {759--771},
 publisher = {Elsevier {BV}},
 title = {Numerical study of H2,  {CH}4,  {CO},  O2 and {CO}2 diffusion in water near the critical point with molecular dynamics simulation},
 url = {https://doi.org/10.1016/j.camwa.2019.11.012},
 volume = {81},
 year = {2021}
}

@article{10.1016/j.fluid.2011.03.002,
 author = {V.G. Baidakov and S.P. Protsenko and Z.R. Kozlova},
 doi = {10.1016/j.fluid.2011.03.002},
 journal = {Fluid Phase Equilibria},
 month = {June},
 number = {2},
 pages = {106--113},
 publisher = {Elsevier {BV}},
 title = {The self-diffusion coefficient in stable and metastable states of the Lennard{\textendash}Jones fluid},
 url = {https://doi.org/10.1016/j.fluid.2011.03.002},
 volume = {305},
 year = {2011}
}

@article{10.1016/j.physrep.2009.10.003,
 author = {P. Kleinert},
 doi = {10.1016/j.physrep.2009.10.003},
 journal = {Physics Reports},
 month = {January},
 number = {1},
 pages = {1--42},
 publisher = {Elsevier {BV}},
 title = {Theory of hot-electron quantum diffusion in semiconductors},
 url = {https://doi.org/10.1016/j.physrep.2009.10.003},
 volume = {485},
 year = {2010}
}

@article{10.1016/s0924-0136(96)02826-9,
 author = {L. Lu and M.O. Lai and S. Zhang},
 doi = {10.1016/s0924-0136(96)02826-9},
 journal = {Journal of Materials Processing Technology},
 month = {May},
 number = {1-3},
 pages = {100--104},
 publisher = {Elsevier {BV}},
 title = {Diffusion in mechanical alloying},
 url = {https://doi.org/10.1016/s0924-0136(96)02826-9},
 volume = {67},
 year = {1997}
}

@article{10.1021/acs.jced.6b01036,
 author = {Jason R. Mick and Mohammad Soroush Barhaghi and Brock Jackman and Loren Schwiebert and Jeffrey J. Potoff},
 doi = {10.1021/acs.jced.6b01036},
 journal = {Journal of Chemical {\&} Engineering Data},
 month = {May},
 number = {6},
 pages = {1806--1818},
 publisher = {American Chemical Society ({ACS})},
 title = {Optimized Mie Potentials for Phase Equilibria: Application to Branched Alkanes},
 url = {https://doi.org/10.1021/acs.jced.6b01036},
 volume = {62},
 year = {2017}
}

@article{10.1021/acs.jpcc.7b09317,
 author = {Pavel V. Ovcharov and Nikita P. Kryuchkov and Kirill I. Zaytsev and Stanislav O. Yurchenko},
 doi = {10.1021/acs.jpcc.7b09317},
 journal = {The Journal of Physical Chemistry C},
 month = {November},
 number = {48},
 pages = {26860--26868},
 publisher = {American Chemical Society ({ACS})},
 title = {Particle-Resolved Phase Identification in Two-Dimensional Condensable Systems},
 url = {https://doi.org/10.1021/acs.jpcc.7b09317},
 volume = {121},
 year = {2017}
}

@article{10.1021/jp1117213,
 author = {F. Biscay and A. Ghoufi and V. Lachet and P. Malfreyt},
 doi = {10.1021/jp1117213},
 journal = {The Journal of Physical Chemistry C},
 month = {April},
 number = {17},
 pages = {8670--8683},
 publisher = {American Chemical Society ({ACS})},
 title = {Prediction of the Surface Tension of the Liquid-Vapor Interface of Alcohols from Monte Carlo Simulations},
 url = {https://doi.org/10.1021/jp1117213},
 year = {2011}
}

@article{10.1021/jp806127j,
 author = {F. Biscay and A. Ghoufi and F. Goujon and V. Lachet and P. Malfreyt},
 doi = {10.1021/jp806127j},
 journal = {The Journal of Physical Chemistry B},
 month = {October},
 number = {44},
 pages = {13885--13897},
 publisher = {American Chemical Society ({ACS})},
 title = {Surface Tensions of Linear and Branched Alkanes from Monte Carlo Simulations Using the Anisotropic United Atom Model},
 url = {https://doi.org/10.1021/jp806127j},
 volume = {112},
 year = {2008}
}

@article{10.1021/jp9072137,
 author = {Jeffrey J. Potoff and Damien A. Bernard-Brunel},
 doi = {10.1021/jp9072137},
 journal = {The Journal of Physical Chemistry B},
 month = {October},
 number = {44},
 pages = {14725--14731},
 publisher = {American Chemical Society ({ACS})},
 title = {Mie Potentials for Phase Equilibria Calculations: Application to Alkanes and Perfluoroalkanes},
 url = {https://doi.org/10.1021/jp9072137},
 volume = {113},
 year = {2009}
}

@article{10.1021/la2014804,
 author = {Jaime J. Juarez and Brian G. Liu and Jing-Qin Cui and Michael A. Bevan},
 doi = {10.1021/la2014804},
 journal = {Langmuir},
 month = {August},
 number = {15},
 pages = {9219--9226},
 publisher = {American Chemical Society ({ACS})},
 title = {{kT}-Scale Colloidal Interactions in High-Frequency Inhomogeneous {AC} Electric Fields. {II}. Concentrated Ensembles},
 url = {https://doi.org/10.1021/la2014804},
 volume = {27},
 year = {2011}
}

@article{10.1021/la500178b,
 author = {Tara D. Edwards and Michael A. Bevan},
 doi = {10.1021/la500178b},
 journal = {Langmuir},
 month = {March},
 number = {36},
 pages = {10793--10803},
 publisher = {American Chemical Society ({ACS})},
 title = {Controlling Colloidal Particles with Electric Fields},
 url = {https://doi.org/10.1021/la500178b},
 volume = {30},
 year = {2014}
}

@article{10.1021/la500896e,
 author = {Kathrin M\"{u}ller and Natan Osterman and Du{\v{s}}an Babi{\v{c}} and Christos N. Likos and Jure Dobnikar and Arash Nikoubashman},
 doi = {10.1021/la500896e},
 journal = {Langmuir},
 month = {May},
 number = {18},
 pages = {5088--5096},
 publisher = {American Chemical Society ({ACS})},
 title = {Pattern Formation and Coarse-Graining in Two-Dimensional Colloids Driven by Multiaxial Magnetic Fields},
 url = {https://doi.org/10.1021/la500896e},
 volume = {30},
 year = {2014}
}

@article{10.1023/a:1009745219419,
 author = {J\"{o}rg Sander and Martin Ester and Hans-Peter Kriegel and Xiaowei Xu},
 doi = {10.1023/a:1009745219419},
 journal = {Data Mining and Knowledge Discovery},
 number = {2},
 pages = {169--194},
 publisher = {Springer Science and Business Media {LLC}},
 url = {https://doi.org/10.1023/a:1009745219419},
 volume = {2},
 year = {1998}
}

@article{10.1038/381137a0,
 author = {M. Dzugutov},
 doi = {10.1038/381137a0},
 journal = {Nature},
 month = {May},
 number = {6578},
 pages = {137--139},
 publisher = {Springer Science and Business Media {LLC}},
 title = {A universal scaling law for atomic diffusion in condensed matter},
 url = {https://doi.org/10.1038/381137a0},
 volume = {381},
 year = {1996}
}

@article{10.1038/natrevmats.2015.11,
 author = {Bo Li and {Di Zhou} and Yilong Han},
 doi = {10.1038/natrevmats.2015.11},
 journal = {Nature Reviews Materials},
 month = {January},
 number = {2},
 pages = {15011},
 publisher = {Springer Science and Business Media {LLC}},
 title = {Assembly and phase transitions of colloidal crystals},
 url = {https://doi.org/10.1038/natrevmats.2015.11},
 volume = {1},
 year = {2016}
}

@article{10.1038/ncomms7942,
 author = {Ziren Wang and Feng Wang and Yi Peng and Yilong Han},
 doi = {10.1038/ncomms7942},
 journal = {Nature Communications},
 month = {April},
 number = {1},
 pages = {7942},
 publisher = {Springer Science and Business Media {LLC}},
 title = {Direct observation of liquid nucleus growth in homogeneous melting of colloidal crystals},
 url = {https://doi.org/10.1038/ncomms7942},
 volume = {6},
 year = {2015}
}

@article{10.1038/s41598-017-14001-y,
 author = {Egor V. Yakovlev and Kirill A. Komarov and Kirill I. Zaytsev and Nikita P. Kryuchkov and Kirill I. Koshelev and Arsen K. Zotov and Dmitry A. Shelestov and Victor L. Tolstoguzov and Vladimir N. Kurlov and Alexei V. Ivlev and Stanislav O. Yurchenko},
 doi = {10.1038/s41598-017-14001-y},
 journal = {Scientific Reports},
 month = {October},
 number = {1},
 pages = {13727},
 publisher = {Springer Science and Business Media {LLC}},
 title = {Tunable two-dimensional assembly of colloidal particles in rotating electric fields},
 url = {https://doi.org/10.1038/s41598-017-14001-y},
 volume = {7},
 year = {2017}
}

@article{10.1038/s41598-018-22643-9,
 author = {Eugene Mamontov},
 doi = {10.1038/s41598-018-22643-9},
 journal = {Scientific Reports},
 month = {March},
 number = {1},
 publisher = {Springer Science and Business Media {LLC}},
 title = {Microscopic diffusion processes measured in living planarians},
 url = {https://doi.org/10.1038/s41598-018-22643-9},
 volume = {8},
 year = {2018}
}

@article{10.1038/s41598-019-46979-y,
 author = {Nikita P. Kryuchkov and Lukiya A. Mistryukova and Vadim V. Brazhkin and Stanislav O. Yurchenko},
 doi = {10.1038/s41598-019-46979-y},
 journal = {Scientific Reports},
 month = {July},
 number = {1},
 pages = {10483},
 publisher = {Springer Science and Business Media {LLC}},
 title = {Excitation spectra in fluids: How to analyze them properly},
 url = {https://doi.org/10.1038/s41598-019-46979-y},
 volume = {9},
 year = {2019}
}

@article{10.1038/s41598-021-97124-7,
 author = {Nikita P. Kryuchkov and Nikita A. Dmitryuk and Wei Li and Pavel V. Ovcharov and Yilong Han and Andrei V. Sapelkin and Stanislav O. Yurchenko},
 doi = {10.1038/s41598-021-97124-7},
 journal = {Scientific Reports},
 month = {September},
 number = {1},
 publisher = {Springer Science and Business Media {LLC}},
 title = {Mean-field model of melting in superheated crystals based on a single experimentally measurable order parameter},
 url = {https://doi.org/10.1038/s41598-021-97124-7},
 volume = {11},
 year = {2021}
}

@article{10.1039/c1sm06414b,
 author = {Jaime J. Juarez and Sarah E. Feicht and Michael A. Bevan},
 doi = {10.1039/c1sm06414b},
 journal = {Soft Matter},
 number = {1},
 pages = {94--103},
 publisher = {Royal Society of Chemistry ({RSC})},
 title = {Electric field mediated assembly of three dimensional equilibrium colloidal crystals},
 url = {https://doi.org/10.1039/c1sm06414b},
 volume = {8},
 year = {2012}
}

@article{10.1039/c2sm26473k,
 author = {Jade Taffs and Stephen R. Williams and Hajime Tanaka and C. Patrick Royall},
 doi = {10.1039/c2sm26473k},
 journal = {Soft Matter},
 number = {1},
 pages = {297--305},
 publisher = {Royal Society of Chemistry ({RSC})},
 title = {Structure and kinetics in the freezing of nearly hard spheres},
 url = {https://doi.org/10.1039/c2sm26473k},
 volume = {9},
 year = {2013}
}

@article{10.1039/c2sm27654b,
 author = {Divya Paloli and Priti S. Mohanty and J{\'e}r{\^o}me J. Crassous and Emanuela Zaccarelli and Peter Schurtenberger},
 doi = {10.1039/c2sm27654b},
 journal = {Soft Matter},
 number = {11},
 pages = {3000},
 publisher = {Royal Society of Chemistry ({RSC})},
 title = {Fluid-solid transitions in soft-repulsive colloids},
 url = {https://doi.org/10.1039/c2sm27654b},
 volume = {9},
 year = {2013}
}

@article{10.1039/c3sm27620a,
 author = {Di Du and Dichuan Li and Madhuri Thakur and Sibani Lisa Biswal},
 doi = {10.1039/c3sm27620a},
 journal = {Soft Matter},
 number = {29},
 pages = {6867},
 publisher = {Royal Society of Chemistry ({RSC})},
 title = {Generating an in situ tunable interaction potential for probing 2-D colloidal phase behavior},
 url = {https://doi.org/10.1039/c3sm27620a},
 volume = {9},
 year = {2013}
}

@article{10.1039/c3sm50306b,
 author = {Julie Byrom and Sibani Lisa Biswal},
 doi = {10.1039/c3sm50306b},
 journal = {Soft Matter},
 number = {38},
 pages = {9167},
 publisher = {Royal Society of Chemistry ({RSC})},
 title = {Magnetic field directed assembly of two-dimensional fractal colloidal aggregates},
 url = {https://doi.org/10.1039/c3sm50306b},
 volume = {9},
 year = {2013}
}

@article{10.1039/c7sm02429k,
 author = {Nikita P. Kryuchkov and Stanislav O. Yurchenko and Yury D. Fomin and Elena N. Tsiok and Valentin N. Ryzhov},
 doi = {10.1039/c7sm02429k},
 journal = {Soft Matter},
 number = {11},
 pages = {2152--2162},
 publisher = {Royal Society of Chemistry ({RSC})},
 title = {Complex crystalline structures in a two-dimensional core-softened system},
 url = {https://doi.org/10.1039/c7sm02429k},
 volume = {14},
 year = {2018}
}

@article{10.1039/c9sm01953g,
 author = {Anna Stradner and Peter Schurtenberger},
 doi = {10.1039/c9sm01953g},
 journal = {Soft Matter},
 number = {2},
 pages = {307--323},
 publisher = {Royal Society of Chemistry ({RSC})},
 title = {Potential and limits of a colloid approach to protein solutions},
 url = {https://doi.org/10.1039/c9sm01953g},
 volume = {16},
 year = {2020}
}

@article{10.1039/d0sm01046d,
 author = {Kirill A. Komarov and Stanislav O. Yurchenko},
 doi = {10.1039/d0sm01046d},
 journal = {Soft Matter},
 number = {35},
 pages = {8155--8168},
 publisher = {Royal Society of Chemistry ({RSC})},
 title = {Colloids in rotating electric and magnetic fields: designing tunable interactions with spatial field hodographs},
 url = {https://doi.org/10.1039/d0sm01046d},
 volume = {16},
 year = {2020}
}

@article{10.1063/1.1426419,
 author = {Yaoqi Zhou and Martin Karplus and Keith D. Ball and R. Stephen Berry},
 doi = {10.1063/1.1426419},
 journal = {The Journal of Chemical Physics},
 month = {February},
 number = {5},
 pages = {2323--2329},
 publisher = {{AIP} Publishing},
 title = {The distance fluctuation criterion for melting: Comparison of square-well and Morse potential models for clusters and homopolymers},
 url = {https://doi.org/10.1063/1.1426419},
 volume = {116},
 year = {2002}
}

@article{10.1063/1.1607953,
 author = {Tsutomu Ohmori and Yoshifumi Kimura},
 doi = {10.1063/1.1607953},
 journal = {The Journal of Chemical Physics},
 month = {October},
 number = {14},
 pages = {7328--7334},
 publisher = {{AIP} Publishing},
 title = {Translational diffusion of hydrophobic solutes in supercritical water studied by molecular dynamics simulations},
 url = {https://doi.org/10.1063/1.1607953},
 volume = {119},
 year = {2003}
}

@article{10.1063/1.1730376,
 author = {B. J. Alder and T. E. Wainwright},
 doi = {10.1063/1.1730376},
 journal = {The Journal of Chemical Physics},
 month = {August},
 number = {2},
 pages = {459--466},
 publisher = {{AIP} Publishing},
 title = {Studies in Molecular Dynamics. I. General Method},
 url = {https://doi.org/10.1063/1.1730376},
 volume = {31},
 year = {1959}
}

@article{10.1063/1.1786579,
 author = {K. Meier and A. Laesecke and S. Kabelac},
 doi = {10.1063/1.1786579},
 journal = {J. Chem. Phys.},
 month = {November},
 number = {19},
 pages = {9526--9535},
 publisher = {{AIP} Publishing},
 title = {Transport coefficients of the Lennard-Jones model fluid. {II} Self-diffusion},
 url = {https://doi.org/10.1063/1.1786579},
 volume = {121},
 year = {2004}
}

@article{10.1063/1.3115641,
 author = {Nils Elsner and C. Patrick Royall and Brian Vincent and David R. E. Snoswell},
 doi = {10.1063/1.3115641},
 journal = {The Journal of Chemical Physics},
 month = {April},
 number = {15},
 pages = {154901},
 publisher = {{AIP} Publishing},
 title = {Simple models for two-dimensional tunable colloidal crystals in rotating ac electric fields},
 url = {https://doi.org/10.1063/1.3115641},
 volume = {130},
 year = {2009}
}

@article{10.1063/1.436526,
 author = {So/ren Toxvaerd},
 doi = {10.1063/1.436526},
 journal = {The Journal of Chemical Physics},
 month = {December},
 number = {11},
 pages = {4750--4752},
 publisher = {{AIP} Publishing},
 title = {Melting in a two-dimensional Lennard-Jones system},
 url = {https://doi.org/10.1063/1.436526},
 volume = {69},
 year = {1978}
}

@article{10.1063/1.441097,
 author = {W. J. Lamb and G. A. Hoffman and J. Jonas},
 doi = {10.1063/1.441097},
 journal = {The Journal of Chemical Physics},
 month = {June},
 number = {12},
 pages = {6875--6880},
 publisher = {{AIP} Publishing},
 title = {Self-diffusion in compressed supercritical water},
 url = {https://doi.org/10.1063/1.441097},
 volume = {74},
 year = {1981}
}

@article{10.1063/1.441901,
 author = {James M. Phillips and L. W. Bruch and R. D. Murphy},
 doi = {10.1063/1.441901},
 journal = {The Journal of Chemical Physics},
 month = {November},
 number = {10},
 pages = {5097--5109},
 publisher = {{AIP} Publishing},
 title = {The two-dimensional Lennard-Jones system: Sublimation,  vaporization,  and melting},
 url = {https://doi.org/10.1063/1.441901},
 volume = {75},
 year = {1981}
}

@article{10.1063/1.446338,
 author = {R. Zwanzig},
 doi = {10.1063/1.446338},
 journal = {J. Chem. Phys.},
 month = {November},
 number = {9},
 pages = {4507--4508},
 publisher = {{AIP} Publishing},
 title = {On the relation between self-diffusion and viscosity of liquids},
 url = {https://doi.org/10.1063/1.446338},
 volume = {79},
 year = {1983}
}

@article{10.1063/1.460477,
 author = {B. Smit and D. Frenkel},
 doi = {10.1063/1.460477},
 journal = {The Journal of Chemical Physics},
 month = {April},
 number = {8},
 pages = {5663--5668},
 publisher = {{AIP} Publishing},
 title = {Vapor{\textendash}liquid equilibria of the two-dimensional Lennard-Jones fluid(s)},
 url = {https://doi.org/10.1063/1.460477},
 volume = {94},
 year = {1991}
}

@article{10.1063/1.4869863,
 author = {Stanislav O. Yurchenko},
 doi = {10.1063/1.4869863},
 journal = {The Journal of Chemical Physics},
 month = {April},
 number = {13},
 pages = {134502},
 publisher = {{AIP} Publishing},
 title = {The shortest-graph method for calculation of the pair-correlation function in crystalline systems},
 url = {https://doi.org/10.1063/1.4869863},
 volume = {140},
 year = {2014}
}

@article{10.1063/1.4926945,
 author = {Stanislav O. Yurchenko and Nikita P. Kryuchkov and Alexei V. Ivlev},
 doi = {10.1063/1.4926945},
 journal = {The Journal of Chemical Physics},
 month = {July},
 number = {3},
 pages = {034506},
 publisher = {{AIP} Publishing},
 title = {Pair correlations in classical crystals: The shortest-graph method},
 url = {https://doi.org/10.1063/1.4926945},
 volume = {143},
 year = {2015}
}

@article{10.1063/1.5022058,
 author = {L. Costigliola and U. R. Pedersen and D. M. Heyes and T. B. Schr{\o}der and J. C. Dyre},
 doi = {10.1063/1.5022058},
 journal = {J. Chem. Phys.},
 month = {feb},
 number = {8},
 pages = {081101},
 publisher = {{AIP} Publishing},
 title = {Communication: Simple liquids' high-density viscosity},
 url = {https://doi.org/10.1063/1.5022058},
 volume = {148},
 year = {2018}
}

@article{10.1063/1.5044703,
 author = {S. Khrapak},
 doi = {10.1063/1.5044703},
 journal = {{AIP} Adv.},
 month = {October},
 number = {10},
 pages = {105226},
 publisher = {{AIP} Publishing},
 title = {Practical formula for the shear viscosity of Yukawa fluids},
 url = {https://doi.org/10.1063/1.5044703},
 volume = {8},
 year = {2018}
}

@article{10.1063/1.5050708,
 author = {Sergey A. Khrapak and Nikita P. Kryuchkov and Lukia A. Mistryukova and Alexey G. Khrapak and Stanislav O. Yurchenko},
 doi = {10.1063/1.5050708},
 journal = {The Journal of Chemical Physics},
 month = {oct},
 number = {13},
 pages = {134114},
 publisher = {{AIP} Publishing},
 title = {Collective modes of two-dimensional classical Coulomb fluids},
 url = {https://doi.org/10.1063/1.5050708},
 volume = {149},
 year = {2018}
}

@article{10.1063/1.5055064,
 author = {J. C. Dyre},
 doi = {10.1063/1.5055064},
 journal = {J. Chem. Phys.},
 month = {December},
 number = {21},
 pages = {210901},
 publisher = {{AIP} Publishing},
 title = {Perspective: Excess-entropy scaling},
 url = {https://doi.org/10.1063/1.5055064},
 volume = {149},
 year = {2018}
}

@article{10.1063/1.5080662,
 author = {L. Costigliola and D. M. Heyes and T. B. Schr{\o}der and J. C. Dyre},
 doi = {10.1063/1.5080662},
 journal = {J. Chem. Phys.},
 month = {January},
 number = {2},
 pages = {021101},
 publisher = {{AIP} Publishing},
 title = {Revisiting the Stokes-Einstein relation without a hydrodynamic diameter},
 url = {https://doi.org/10.1063/1.5080662},
 volume = {150},
 year = {2019}
}

@article{10.1063/1.5116176,
 author = {Egor V. Yakovlev and Manis Chaudhuri and Nikita P. Kryuchkov and Pavel V. Ovcharov and Andrei V. Sapelkin and Stanislav O. Yurchenko},
 doi = {10.1063/1.5116176},
 journal = {The Journal of Chemical Physics},
 month = {September},
 number = {11},
 pages = {114502},
 publisher = {{AIP} Publishing},
 title = {Experimental validation of interpolation method for pair correlations in model crystals},
 url = {https://doi.org/10.1063/1.5116176},
 volume = {151},
 year = {2019}
}

@article{10.1063/1.555785,
 author = {B. A. Younglove and J. F. Ely},
 doi = {10.1063/1.555785},
 journal = {Journal of Physical and Chemical Reference Data},
 month = {October},
 number = {4},
 pages = {577--798},
 publisher = {{AIP} Publishing},
 title = {Thermophysical Properties of Fluids. {II}. Methane,  Ethane,  Propane,  Isobutane,  and Normal Butane},
 url = {https://doi.org/10.1063/1.555785},
 volume = {16},
 year = {1987}
}

@article{10.1063/5.0011512,
 author = {J. P. Allers and J. A. Harvey and F. H. Garzon and T. M. Alam},
 doi = {10.1063/5.0011512},
 journal = {J. Chem. Phys.},
 month = {July},
 number = {3},
 pages = {034102},
 publisher = {{AIP} Publishing},
 title = {Machine learning prediction of self-diffusion in Lennard-Jones fluids},
 url = {https://doi.org/10.1063/5.0011512},
 volume = {153},
 year = {2020}
}

@article{10.1063/5.0055566,
 author = {Kirill A. Komarov and Vladimir N. Mantsevich and Stanislav O. Yurchenko},
 doi = {10.1063/5.0055566},
 journal = {The Journal of Chemical Physics},
 month = {August},
 number = {8},
 pages = {084903},
 publisher = {{AIP} Publishing},
 title = {Core{\textendash}shell particles in rotating electric and magnetic fields: Designing tunable interactions via particle engineering},
 url = {https://doi.org/10.1063/5.0055566},
 volume = {155},
 year = {2021}
}

@article{10.1063/5.0060705,
 author = {Kirill A. Komarov and Stanislav O. Yurchenko},
 doi = {10.1063/5.0060705},
 journal = {The Journal of Chemical Physics},
 month = {September},
 number = {11},
 pages = {114107},
 publisher = {{AIP} Publishing},
 title = {Diagrammatics of tunable interactions in anisotropic colloids in rotating electric or magnetic fields: New kind of dipole-like interactions},
 url = {https://doi.org/10.1063/5.0060705},
 volume = {155},
 year = {2021}
}

@article{10.1080/00268976.2019.1643045,
 author = {S. Khrapak},
 doi = {10.1080/00268976.2019.1643045},
 journal = {Mol. Phys.},
 month = {July},
 number = {6},
 pages = {e1643045},
 publisher = {Informa {UK} Limited},
 title = {Stokes{\textendash}Einstein relation in simple fluids revisited},
 url = {https://doi.org/10.1080/00268976.2019.1643045},
 volume = {118},
 year = {2019}
}

@article{10.1080/00268976.2019.1699185,
 author = {Simon Stephan and Hans Hasse},
 doi = {10.1080/00268976.2019.1699185},
 journal = {Molecular Physics},
 month = {December},
 number = {9-10},
 pages = {e1699185},
 publisher = {Informa {UK} Limited},
 title = {Influence of dispersive long-range interactions on properties of vapour{\textendash}liquid equilibria and interfaces of binary Lennard-Jones mixtures},
 url = {https://doi.org/10.1080/00268976.2019.1699185},
 volume = {118},
 year = {2019}
}

@article{10.1080/00268979500100911,
 author = {Rupal Agrawal and David A. Kofke},
 doi = {10.1080/00268979500100911},
 journal = {Molecular Physics},
 month = {May},
 number = {1},
 pages = {23--42},
 publisher = {Informa {UK} Limited},
 title = {Thermodynamic and structural properties of model systems at solid-fluid coexistence},
 url = {https://doi.org/10.1080/00268979500100911},
 volume = {85},
 year = {1995}
}

@article{10.1088/0004-637x/805/1/59,
 author = {A. V. Ivlev and T. B. R{\"o}cker and A. Vasyunin and P. Caselli},
 doi = {10.1088/0004-637x/805/1/59},
 journal = {The Astrophysical Journal},
 month = {May},
 number = {1},
 pages = {59},
 publisher = {{IOP} Publishing},
 title = {Impulsive Spot Heating and Thermal Explosion of Interstellar Grains Revisited},
 url = {https://doi.org/10.1088/0004-637x/805/1/59},
 volume = {805},
 year = {2015}
}

@article{10.1088/0022-3719/6/7/010,
 author = {J M Kosterlitz and D J Thouless},
 doi = {10.1088/0022-3719/6/7/010},
 journal = {Journal of Physics C: Solid State Physics},
 month = {April},
 number = {7},
 pages = {1181--1203},
 publisher = {{IOP} Publishing},
 title = {Ordering,  metastability and phase transitions in two-dimensional systems},
 url = {https://doi.org/10.1088/0022-3719/6/7/010},
 volume = {6},
 year = {1973}
}

@article{10.1088/0034-4885/76/12/126601,
 author = {James E Martin and Alexey Snezhko},
 doi = {10.1088/0034-4885/76/12/126601},
 journal = {Reports on Progress in Physics},
 month = {November},
 number = {12},
 pages = {126601},
 publisher = {{IOP} Publishing},
 title = {Driving self-assembly and emergent dynamics in colloidal suspensions by time-dependent magnetic fields},
 url = {https://doi.org/10.1088/0034-4885/76/12/126601},
 volume = {76},
 year = {2013}
}

@article{10.1088/0305-4470/22/6/024,
 author = {J Honkonen and M Y Nalimov},
 doi = {10.1088/0305-4470/22/6/024},
 journal = {Journal of Physics A: Mathematical and General},
 month = {March},
 number = {6},
 pages = {751--763},
 publisher = {{IOP} Publishing},
 title = {Crossover between field theories with short-range and long-range exchange or correlations},
 url = {https://doi.org/10.1088/0305-4470/22/6/024},
 volume = {22},
 year = {1989}
}

@article{10.1088/0953-8984/21/46/465104,
 author = {A-P Hynninen and A Z Panagiotopoulos},
 doi = {10.1088/0953-8984/21/46/465104},
 journal = {Journal of Physics: Condensed Matter},
 month = {October},
 number = {46},
 pages = {465104},
 publisher = {{IOP} Publishing},
 title = {Phase diagrams of charged colloids from thermodynamic integration},
 url = {https://doi.org/10.1088/0953-8984/21/46/465104},
 volume = {21},
 year = {2009}
}

@article{10.1088/0953-8984/28/23/235401,
 author = {Stanislav O Yurchenko and Nikita P Kryuchkov and Alexei V Ivlev},
 journal = {J. Phys.: Condens. Matter},
 number = {23},
 pages = {235401},
 title = {Interpolation method for pair correlations in classical crystals},
 url = {http://stacks.iop.org/0953-8984/28/i=23/a=235401},
 volume = {28},
 year = {2016}
}

@article{10.1088/1367-2630/8/11/267,
 author = {D R E Snoswell and C L Bower and P Ivanov and M J Cryan and J G Rarity and B Vincent},
 doi = {10.1088/1367-2630/8/11/267},
 journal = {New Journal of Physics},
 month = {November},
 number = {11},
 pages = {267--267},
 publisher = {{IOP} Publishing},
 title = {Dynamic control of lattice spacing within colloidal crystals},
 url = {https://doi.org/10.1088/1367-2630/8/11/267},
 volume = {8},
 year = {2006}
}

@article{10.1098/rspa.1991.0068,
 author = {Duane C. Wallace},
 doi = {10.1098/rspa.1991.0068},
 journal = {Proceedings of the Royal Society of London. Series A: Mathematical and Physical Sciences},
 month = {June},
 number = {1889},
 pages = {631--661},
 publisher = {The Royal Society},
 title = {Melting of elements},
 url = {https://doi.org/10.1098/rspa.1991.0068},
 volume = {433},
 year = {1991}
}

@article{10.1103/physrev.102.308,
 author = {J. J. Gilvarry},
 doi = {10.1103/physrev.102.308},
 journal = {Physical Review},
 month = {April},
 number = {2},
 pages = {308--316},
 publisher = {American Physical Society ({APS})},
 title = {The Lindemann and Gr{\"u}neisen Laws},
 url = {https://doi.org/10.1103/physrev.102.308},
 volume = {102},
 year = {1956}
}

@article{10.1103/physreva.15.2545,
 author = {Y. Rosenfeld},
 doi = {10.1103/physreva.15.2545},
 journal = {Phys. Rev. A},
 month = {jun},
 number = {6},
 pages = {2545--2549},
 publisher = {American Physical Society ({APS})},
 title = {Relation between the transport coefficients and the internal entropy of simple systems},
 url = {https://doi.org/10.1103/physreva.15.2545},
 volume = {15},
 year = {1977}
}

@article{10.1103/physrevb.103.094107,
 author = {{\'{O}}scar Toledano and M. Pancorbo and J. E. Alvarellos and {\'{O}}scar G{\'{a}}lvez},
 doi = {10.1103/physrevb.103.094107},
 journal = {Physical Review B},
 month = {March},
 number = {9},
 publisher = {American Physical Society ({APS})},
 title = {Melting in two-dimensional systems: Characterizing continuous and first-order transitions},
 url = {https://doi.org/10.1103/physrevb.103.094107},
 volume = {103},
 year = {2021}
}

@article{10.1103/physrevb.19.1855,
 author = {A. P. Young},
 doi = {10.1103/physrevb.19.1855},
 journal = {Physical Review B},
 month = {February},
 number = {4},
 pages = {1855--1866},
 publisher = {American Physical Society ({APS})},
 title = {Melting and the vector Coulomb gas in two dimensions},
 url = {https://doi.org/10.1103/physrevb.19.1855},
 volume = {19},
 year = {1979}
}

@article{10.1103/physrevb.19.2457,
 author = {David R. Nelson and B. I. Halperin},
 doi = {10.1103/physrevb.19.2457},
 journal = {Physical Review B},
 month = {March},
 number = {5},
 pages = {2457--2484},
 publisher = {American Physical Society ({APS})},
 title = {Dislocation-mediated melting in two dimensions},
 url = {https://doi.org/10.1103/physrevb.19.2457},
 volume = {19},
 year = {1979}
}

@article{10.1103/physrevb.30.2755,
 author = {Katherine J. Strandburg and John A. Zollweg and G. V. Chester},
 doi = {10.1103/physrevb.30.2755},
 journal = {Physical Review B},
 month = {September},
 number = {5},
 pages = {2755--2759},
 publisher = {American Physical Society ({APS})},
 title = {Bond-angular order in two-dimensional Lennard-Jones and hard-disk systems},
 url = {https://doi.org/10.1103/physrevb.30.2755},
 volume = {30},
 year = {1984}
}

@article{10.1103/physrevb.8.281,
 author = {J. Sak},
 doi = {10.1103/physrevb.8.281},
 journal = {Physical Review B},
 month = {July},
 number = {1},
 pages = {281--285},
 publisher = {American Physical Society ({APS})},
 title = {Recursion Relations and Fixed Points for Ferromagnets with Long-Range Interactions},
 url = {https://doi.org/10.1103/physrevb.8.281},
 volume = {8},
 year = {1973}
}

@article{10.1103/physreve.100.023203,
 author = {Egor V. Yakovlev and Nikita P. Kryuchkov and Pavel V. Ovcharov and Killian Pitiot and Andrei V. Sapelkin and Stanislav O. Yurchenko},
 doi = {10.1103/physreve.100.023203},
 journal = {Physical Review E},
 month = {August},
 number = {2},
 pages = {023203},
 publisher = {American Physical Society ({APS})},
 title = {Defect-governed double-step activation and directed flame fronts},
 url = {https://doi.org/10.1103/physreve.100.023203},
 volume = {100},
 year = {2019}
}

@article{10.1103/physreve.103.022608,
 author = {Luhui Ning and Peng Liu and Fangfu Ye and Mingcheng Yang and Ke Chen},
 doi = {10.1103/physreve.103.022608},
 journal = {Physical Review E},
 month = {February},
 number = {2},
 pages = {022608},
 publisher = {American Physical Society ({APS})},
 title = {Diffusion of colloidal particles in model porous media},
 url = {https://doi.org/10.1103/physreve.103.022608},
 volume = {103},
 year = {2021}
}

@article{10.1103/physreve.103.042122,
 author = {S. A. Khrapak and A. G. Khrapak},
 doi = {10.1103/physreve.103.042122},
 journal = {Phys. Rev. E},
 month = {April},
 number = {4},
 pages = {042122},
 publisher = {American Physical Society ({APS})},
 title = {Transport properties of Lennard-Jones fluids: Freezing density scaling along isotherms},
 url = {https://doi.org/10.1103/physreve.103.042122},
 volume = {103},
 year = {2021}
}

@article{10.1103/physreve.59.2659,
 author = {Juan J. Alonso and Julio F. Fern{\'{a}}ndez},
 doi = {10.1103/physreve.59.2659},
 journal = {Physical Review E},
 month = {March},
 number = {3},
 pages = {2659--2663},
 publisher = {American Physical Society ({APS})},
 title = {van der Waals loops and the melting transition in two dimensions},
 url = {https://doi.org/10.1103/physreve.59.2659},
 volume = {59},
 year = {1999}
}

@article{10.1103/physreve.60.7558,
 author = {Erik Luijten},
 doi = {10.1103/physreve.60.7558},
 journal = {Physical Review E},
 month = {December},
 number = {6},
 pages = {7558--7561},
 publisher = {American Physical Society ({APS})},
 title = {Test of renormalization predictions for universal finite-size scaling functions},
 url = {https://doi.org/10.1103/physreve.60.7558},
 volume = {60},
 year = {1999}
}

@article{10.1103/physreve.62.7524,
 author = {Y. Rosenfeld},
 doi = {10.1103/physreve.62.7524},
 journal = {Phys. Rev. E},
 month = {nov},
 number = {5},
 pages = {7524--7527},
 publisher = {American Physical Society ({APS})},
 title = {Excess-entropy and freezing-temperature scalings for transport coefficients: Self-diffusion in Yukawa systems},
 url = {https://doi.org/10.1103/physreve.62.7524},
 volume = {62},
 year = {2000}
}

@article{10.1103/physreve.87.042134,
 author = {Michael Engel and Joshua A. Anderson and Sharon C. Glotzer and Masaharu Isobe and Etienne P. Bernard and Werner Krauth},
 doi = {10.1103/physreve.87.042134},
 journal = {Physical Review E},
 month = {April},
 number = {4},
 publisher = {American Physical Society ({APS})},
 title = {Hard-disk equation of state: First-order liquid-hexatic transition in two dimensions with three simulation methods},
 url = {https://doi.org/10.1103/physreve.87.042134},
 volume = {87},
 year = {2013}
}

@article{10.1103/physreve.95.052122,
 author = {N. Ohtori and S. Miyamoto and Y. Ishii},
 doi = {10.1103/physreve.95.052122},
 journal = {Phys. Rev. E},
 month = {May},
 number = {5},
 pages = {052122},
 publisher = {American Physical Society ({APS})},
 title = {Breakdown of the Stokes-Einstein relation in pure Lennard-Jones fluids: From gas to liquid via supercritical states},
 url = {https://doi.org/10.1103/physreve.95.052122},
 volume = {95},
 year = {2017}
}

@article{10.1103/physreve.96.043201,
 author = {S. O. Yurchenko and E. V. Yakovlev and L. Couedel and N. P. Kryuchkov and A. M. Lipaev and V. N. Naumkin and A. Yu. Kislov and P. V. Ovcharov and K. I. Zaytsev and E. V. Vorob{'}ev and G. E. Morfill and A. V. Ivlev},
 doi = {10.1103/physreve.96.043201},
 journal = {Physical Review E},
 month = {oct},
 number = {4},
 pages = {043201},
 publisher = {American Physical Society ({APS})},
 title = {Flame propagation in two-dimensional solids: Particle-resolved studies with complex plasmas},
 url = {https://doi.org/10.1103/physreve.96.043201},
 volume = {96},
 year = {2017}
}

@article{10.1103/physreve.97.043206,
 author = {L. Couedel and V. Nosenko and M. Rubin-Zuzic and S. Zhdanov and Y. Elskens and T. Hall and A. V. Ivlev},
 doi = {10.1103/physreve.97.043206},
 journal = {Physical Review E},
 month = {April},
 number = {4},
 pages = {043206},
 publisher = {American Physical Society ({APS})},
 title = {Full melting of a two-dimensional complex plasma crystal triggered by localized pulsed laser heating},
 url = {https://doi.org/10.1103/physreve.97.043206},
 volume = {97},
 year = {2018}
}

@article{10.1103/physreve.99.022145,
 author = {Amir Hajibabaei and Kwang S. Kim},
 doi = {10.1103/physreve.99.022145},
 journal = {Physical Review E},
 month = {February},
 number = {2},
 publisher = {American Physical Society ({APS})},
 title = {First-order and continuous melting transitions in two-dimensional Lennard-Jones systems and repulsive disks},
 url = {https://doi.org/10.1103/physreve.99.022145},
 volume = {99},
 year = {2019}
}

@article{10.1103/physrevlett.103.228301,
 author = {N. Osterman and I. Poberaj and J. Dobnikar and D. Frenkel and P. Ziherl and D. Babi{\'{c}}},
 doi = {10.1103/physrevlett.103.228301},
 journal = {Physical Review Letters},
 month = {November},
 number = {22},
 publisher = {American Physical Society ({APS})},
 title = {Field-Induced Self-Assembly of Suspended Colloidal Membranes},
 url = {https://doi.org/10.1103/physrevlett.103.228301},
 volume = {103},
 year = {2009}
}

@article{10.1103/physrevlett.114.035702,
 author = {Sebastian C. Kapfer and Werner Krauth},
 doi = {10.1103/physrevlett.114.035702},
 journal = {Physical Review Letters},
 month = {January},
 number = {3},
 publisher = {American Physical Society ({APS})},
 title = {Two-Dimensional Melting: From Liquid-Hexatic Coexistence to Continuous Transitions},
 url = {https://doi.org/10.1103/physrevlett.114.035702},
 volume = {114},
 year = {2015}
}

@article{10.1103/physrevlett.118.088003,
 author = {Joris Sprakel and Alessio Zaccone and Frans Spaepen and Peter Schall and David A. Weitz},
 doi = {10.1103/physrevlett.118.088003},
 journal = {Physical Review Letters},
 month = {February},
 number = {8},
 pages = {088003},
 publisher = {American Physical Society ({APS})},
 title = {Direct Observation of Entropic Stabilization of bcc Crystals Near Melting},
 url = {https://doi.org/10.1103/physrevlett.118.088003},
 volume = {118},
 year = {2017}
}

@article{10.1103/physrevlett.29.917,
 author = {Michael E. Fisher and Shang-keng Ma and B. G. Nickel},
 doi = {10.1103/physrevlett.29.917},
 journal = {Physical Review Letters},
 month = {October},
 number = {14},
 pages = {917--920},
 publisher = {American Physical Society ({APS})},
 title = {Critical Exponents for Long-Range Interactions},
 url = {https://doi.org/10.1103/physrevlett.29.917},
 volume = {29},
 year = {1972}
}

@article{10.1103/physrevlett.41.121,
 author = {B. I. Halperin and David R. Nelson},
 doi = {10.1103/physrevlett.41.121},
 journal = {Physical Review Letters},
 month = {July},
 number = {2},
 pages = {121--124},
 publisher = {American Physical Society ({APS})},
 title = {Theory of Two-Dimensional Melting},
 url = {https://doi.org/10.1103/physrevlett.41.121},
 volume = {41},
 year = {1978}
}

@article{10.1103/physrevlett.42.1632,
 author = {D. Frenkel and J. P. McTague},
 doi = {10.1103/physrevlett.42.1632},
 journal = {Physical Review Letters},
 month = {June},
 number = {24},
 pages = {1632--1635},
 publisher = {American Physical Society ({APS})},
 title = {Evidence for an Orientationally Ordered Two-Dimensional Fluid Phase from Molecular-Dynamics Calculations},
 url = {https://doi.org/10.1103/physrevlett.42.1632},
 volume = {42},
 year = {1979}
}

@article{10.1103/physrevlett.44.463,
 author = {Farid F. Abraham},
 doi = {10.1103/physrevlett.44.463},
 journal = {Physical Review Letters},
 month = {February},
 number = {7},
 pages = {463--466},
 publisher = {American Physical Society ({APS})},
 title = {Melting in Two Dimensions is First Order: An Isothermal-Isobaric Monte Carlo Study},
 url = {https://doi.org/10.1103/physrevlett.44.463},
 volume = {44},
 year = {1980}
}

@article{10.1103/physrevlett.52.449,
 author = {A. F. Bakker and C. Bruin and H. J. Hilhorst},
 doi = {10.1103/physrevlett.52.449},
 journal = {Physical Review Letters},
 month = {February},
 number = {6},
 pages = {449--452},
 publisher = {American Physical Society ({APS})},
 title = {Orientational Order at the Two-Dimensional Melting Transition},
 url = {https://doi.org/10.1103/physrevlett.52.449},
 volume = {52},
 year = {1984}
}

@article{10.1103/physrevlett.82.2721,
 author = {K. Zahn and R. Lenke and G. Maret},
 doi = {10.1103/physrevlett.82.2721},
 journal = {Physical Review Letters},
 month = {March},
 number = {13},
 pages = {2721--2724},
 publisher = {American Physical Society ({APS})},
 title = {Two-Stage Melting of Paramagnetic Colloidal Crystals in Two Dimensions},
 url = {https://doi.org/10.1103/physrevlett.82.2721},
 volume = {82},
 year = {1999}
}

@article{10.1103/physrevlett.84.4220,
 author = {Michael E. Flatt{\'{e}} and Jeff M. Byers},
 doi = {10.1103/physrevlett.84.4220},
 journal = {Physical Review Letters},
 month = {May},
 number = {18},
 pages = {4220--4223},
 publisher = {American Physical Society ({APS})},
 title = {Spin Diffusion in Semiconductors},
 url = {https://doi.org/10.1103/physrevlett.84.4220},
 volume = {84},
 year = {2000}
}

@article{10.1103/physrevlett.85.3656,
 author = {K. Zahn and G. Maret},
 doi = {10.1103/physrevlett.85.3656},
 journal = {Physical Review Letters},
 month = {October},
 number = {17},
 pages = {3656--3659},
 publisher = {American Physical Society ({APS})},
 title = {Dynamic Criteria for Melting in Two Dimensions},
 url = {https://doi.org/10.1103/physrevlett.85.3656},
 volume = {85},
 year = {2000}
}

@article{10.1103/physrevlett.89.025703,
 author = {Erik Luijten and Henk W. J. Blote},
 doi = {10.1103/physrevlett.89.025703},
 journal = {Physical Review Letters},
 month = {June},
 number = {2},
 pages = {025703},
 publisher = {American Physical Society ({APS})},
 title = {Boundary between Long-Range and Short-Range Critical Behavior in Systems with Algebraic Interactions},
 url = {https://doi.org/10.1103/physrevlett.89.025703},
 volume = {89},
 year = {2002}
}

@article{10.1103/physrevmaterials.2.025602,
 author = {Elaa Hilou and Di Du and Steve Kuei and Sibani Lisa Biswal},
 doi = {10.1103/physrevmaterials.2.025602},
 journal = {Physical Review Materials},
 month = {February},
 number = {2},
 publisher = {American Physical Society ({APS})},
 title = {Interfacial energetics of two-dimensional colloidal clusters generated with a tunable anharmonic interaction potential},
 url = {https://doi.org/10.1103/physrevmaterials.2.025602},
 volume = {2},
 year = {2018}
}

@article{10.1126/science.1112399,
 author = {A. M. Alsayed},
 doi = {10.1126/science.1112399},
 journal = {Science},
 month = {August},
 number = {5738},
 pages = {1207--1210},
 publisher = {American Association for the Advancement of Science ({AAAS})},
 title = {Premelting at Defects Within Bulk Colloidal Crystals},
 url = {https://doi.org/10.1126/science.1112399},
 volume = {309},
 year = {2005}
}

@article{10.1126/science.1224763,
 author = {Ziren Wang and Feng Wang and Yi Peng and Zhongyu Zheng and Yilong Han},
 doi = {10.1126/science.1224763},
 journal = {Science},
 month = {October},
 number = {6103},
 pages = {87--90},
 publisher = {American Association for the Advancement of Science ({AAAS})},
 title = {Imaging the Homogeneous Nucleation During the Melting of Superheated Colloidal Crystals},
 url = {https://doi.org/10.1126/science.1224763},
 volume = {338},
 year = {2012}
}

@article{10.1126/science.278.5336.257,
 author = {B. G. Briner},
 doi = {10.1126/science.278.5336.257},
 journal = {Science},
 month = {October},
 number = {5336},
 pages = {257--260},
 publisher = {American Association for the Advancement of Science ({AAAS})},
 title = {Microscopic Molecular Diffusion Enhanced by Adsorbate Interactions},
 url = {https://doi.org/10.1126/science.278.5336.257},
 volume = {278},
 year = {1997}
}

@article{10.1134/s1063783411110308,
 author = {A. A. Vasilyev and S. F. Sokolov and N. G. Kolbasnikov and D. F. Sokolov},
 doi = {10.1134/s1063783411110308},
 journal = {Physics of the Solid State},
 month = {November},
 number = {11},
 pages = {2194--2200},
 publisher = {Pleiades Publishing Ltd},
 title = {Effect of alloying on the self-diffusion activation energy in $\gamma$-iron},
 url = {https://doi.org/10.1134/s1063783411110308},
 volume = {53},
 year = {2011}
}

@article{10.1142/s0129183195000265,
 author = {ERIK LUIJTEN and HENK W.J. BL\"{O}TE},
 doi = {10.1142/s0129183195000265},
 journal = {International Journal of Modern Physics C},
 month = {June},
 number = {03},
 pages = {359--370},
 publisher = {World Scientific Pub Co Pte Lt},
 title = {{MONTE} {CARLO} {METHOD} {FOR} {SPIN} {MODELS} {WITH} {LONG}-{RANGE} {INTERACTIONS}},
 url = {https://doi.org/10.1142/s0129183195000265},
 volume = {06},
 year = {1995}
}

@article{10.3367/ufne.2017.06.038161,
 author = {V N Ryzhov and E E Tareyeva and Yu D Fomin and E N Tsiok},
 doi = {10.3367/ufne.2017.06.038161},
 journal = {Physics-Uspekhi},
 month = {sep},
 number = {9},
 pages = {857--885},
 publisher = {Uspekhi Fizicheskikh Nauk ({UFN}) Journal},
 title = {Berezinskii-Kosterlitz-Thouless transition and two-dimensional melting},
 url = {https://doi.org/10.3367/ufne.2017.06.038161},
 volume = {60},
 year = {2017}
}

@article{10.3367/ufne.2018.04.038417,
 author = {V N Ryzhov and E E Tareyeva and Yu D Fomin and E N Tsiok},
 doi = {10.3367/ufne.2018.04.038417},
 journal = {Physics-Uspekhi},
 month = {August},
 number = {5},
 pages = {417--439},
 publisher = {Uspekhi Fizicheskikh Nauk ({UFN}) Journal},
 title = {Complex phase diagrams of systems with isotropic potentials: results of computer simulations},
 url = {https://doi.org/10.3367/ufne.2018.04.038417},
 volume = {63},
 year = {2020}
}

@book{book.desai,
 author = {Rashmi C. Desai and Raymond Kapral},
 isbn = {9780521883610},
 publisher = {Cambridge University Press},
 title = {Dynamics of Self-Organized and Self-Assembled Structures},
 year = {2009}
}

@book{book.fernandez,
 author = {Alberto Fernandez-Nieves and Antonio Manuel Puertas},
 publisher = {Wiley},
 title = {Fluids, colloids, and soft materials: an introduction to soft matter physics},
 year = {2016}
}

@book{book.ivlev,
 author = {A. Ivlev and H. L{\"o}wen and G. Morfill and C. P. Royall},
 publisher = {Word Scientific, Singapore},
 title = {Complex plasmas and Colloidal dispersions: particle-resolved studies of classical liquids and solids (Series in soft condensed matter)},
 year = {2012}
}

@book{FrenkelBook,
 address = {New York, NY},
 author = {Frenkel, Y.},
 publisher = {Dover},
 title = {Kinetic theory of liquids},
 url = {https://cds.cern.ch/record/106808},
 year = {1955}
}

@book{GrootBook,
 address = {New York},
 author = {Groot, S. R. and Mazur, P.},
 isbn = {978-0-486-64741-8},
 publisher = {Courier Corporation},
 title = {Non-equilibrium Thermodynamics },
 year = {1984}
}

@book{HansenBook,
 address = {Amsterdam},
 author = {Hansen, J.-P. and McDonald, I. R.},
 isbn = {978-0-080-45507-5},
 publisher = {Elsevier},
 title = {Theory of Simple Liquids - },
 year = {2006}
}

@article{lindemann1910,
 author = {F. A. Lindemann},
 journal = {Physikalische Zeitschrift},
 pages = {609--612},
 title = {The calculation of molecular vibration frequencies},
 volume = {11},
 year = {1910}
}

@book{MarchBook,
 author = {N. H. March and M. P. Tosi},
 isbn = {9810246528},
 publisher = {World Scientific Pub Co Inc},
 title = {Introduction to Liquid State Physics},
 year = {2002}
}

@article{schubert2017dbscan,
 author = {Schubert, Erich and Sander, J{\"o}rg and Ester, Martin and Kriegel, Hans Peter and Xu, Xiaowei},
 journal = {ACM Transactions on Database Systems (TODS)},
 number = {3},
 pages = {1--21},
 publisher = {ACM New York, NY, USA},
 title = {DBSCAN revisited, revisited: why and how you should (still) use DBSCAN},
 volume = {42},
 year = {2017}
}
